<?xml version='1.0' encoding='utf-8'?>
<record xmlns="http://www.loc.gov/MARC21/slim" xmlns:xsi="http://www.w3.org/2001/XMLSchema-instance">
  <leader>00000nkdaa2200373^a^4500</leader>
  <controlfield tag="001">012544003</controlfield>
  <controlfield tag="005">20131211114404.0</controlfield>
  <controlfield tag="008">131210i19922009miunnn^^^^^^^^^^^^kneng^d</controlfield>
  <datafield tag="035" ind1=" " ind2=" ">
    <subfield code="a">(OCoLC)864905275</subfield>
  </datafield>
  <datafield tag="035" ind1=" " ind2=" ">
    <subfield code="a">(OCoLC)ocn864905275</subfield>
  </datafield>
  <datafield tag="040" ind1=" " ind2=" ">
    <subfield code="a">BEU</subfield>
    <subfield code="c">BEU</subfield>
    <subfield code="e">gihc</subfield>
  </datafield>
  <datafield tag="049" ind1=" " ind2=" ">
    <subfield code="a">BEUA</subfield>
  </datafield>
  <datafield tag="110" ind1="2" ind2=" ">
    <subfield code="a">Vietnam Veterans of America, Inc.</subfield>
    <subfield code="b">Chapter 9 (Detroit, Mich.)</subfield>
  </datafield>
  <datafield tag="245" ind1="1" ind2="0">
    <subfield code="a">Vietnam Veterans of America, Inc., Chapter 9 (Detroit, Mich.) visual materials.</subfield>
  </datafield>
  <datafield tag="260" ind1=" " ind2=" ">
    <subfield code="c">1992-2009.</subfield>
  </datafield>
  <datafield tag="300" ind1=" " ind2=" ">
    <subfield code="a">4 VHS videotapes and 2 DVDs.</subfield>
  </datafield>
  <datafield tag="546" ind1=" " ind2=" ">
    <subfield code="a">In English.</subfield>
  </datafield>
  <datafield tag="545" ind1="1" ind2=" ">
    <subfield code="a">Vietnam Veterans of America Chapter 9, Detroit is an affiliated chapter of the national organization Vietnam Veterans of America, Inc., a service and fraternal organization of men and women who served in the U.S. military during the Vietnam War era. The Michigan Veterans Trust Fund is a program under the Department of Military and Veterans Affairs that provides assistance to veterans or their families facing temporary financial hardship. The Vietnam Monument Commission was formed for the purpose of creating a memorial monument for Vietnam War veterans from the state of Michigan.</subfield>
  </datafield>
  <datafield tag="520" ind1="2" ind2=" ">
    <subfield code="a">VHS tapes with segments about efforts of the Vietnam Monument Commission and recordings of two episodes of the "AMVET Story Continues." Material on DVDs are about the Veterans Support Foundation and the 25th anniversary of the Washington, D.C. Vietnam War Veteran Memorial. There are also 4 photographs depicting veterans, one of them is Keith King, collector of materials.</subfield>
  </datafield>
  <datafield tag="506" ind1=" " ind2=" ">
    <subfield code="a">The collection is open for research use.</subfield>
  </datafield>
  <datafield tag="555" ind1="0" ind2=" ">
    <subfield code="a">Finding aid in the library.</subfield>
  </datafield>
  <datafield tag="500" ind1=" " ind2=" ">
    <subfield code="a">Donor: 7420</subfield>
  </datafield>
  <datafield tag="580" ind1=" " ind2=" ">
    <subfield code="a">Forms part of Vietnam Veterans of America, Inc., Chapter 9 (Detroit, Mich.). Vietnam Veterans of America, Inc., Chapter 9 (Detroit, Mich.) records.</subfield>
  </datafield>
  <datafield tag="650" ind1=" " ind2="7">
    <subfield code="a">Veterans' organizations.</subfield>
    <subfield code="2">lctgm</subfield>
  </datafield>
  <datafield tag="610" ind1="2" ind2="0">
    <subfield code="a">Vietnam Monument Commission of Michigan.</subfield>
  </datafield>
  <datafield tag="610" ind1="2" ind2="0">
    <subfield code="a">Vietnam Veterans of America, Inc.</subfield>
  </datafield>
  <datafield tag="610" ind1="2" ind2="0">
    <subfield code="a">Vietnam Veterans of America, Inc.</subfield>
    <subfield code="b">Chapter 9 (Detroit, Mich.)</subfield>
  </datafield>
  <datafield tag="650" ind1=" " ind2="0">
    <subfield code="a">Vietnam War, 1961-1975</subfield>
    <subfield code="x">Monuments</subfield>
    <subfield code="z">Michigan.</subfield>
  </datafield>
  <datafield tag="655" ind1=" " ind2="7">
    <subfield code="a">Photographs.</subfield>
    <subfield code="2">aat</subfield>
  </datafield>
  <datafield tag="655" ind1=" " ind2="7">
    <subfield code="a">Videotapes.</subfield>
    <subfield code="2">aat</subfield>
  </datafield>
  <datafield tag="773" ind1="1" ind2=" ">
    <subfield code="a">Vietnam Veterans of America, Inc., Chapter 9 (Detroit, Mich.).</subfield>
    <subfield code="t">Vietnam Veterans of America, Inc., Chapter 9 (Detroit, Mich.) records.</subfield>
    <subfield code="w">(OCoLC)78933774</subfield>
  </datafield>
  <datafield tag="852" ind1="8" ind2=" ">
    <subfield code="a">MiU-H</subfield>
    <subfield code="b">BENT</subfield>
    <subfield code="h">87396 Be 2</subfield>
  </datafield>
  <datafield tag="997" ind1=" " ind2=" ">
    <subfield code="a">MARS</subfield>
  </datafield>
  <datafield tag="998" ind1=" " ind2=" ">
    <subfield code="c">SR</subfield>
  </datafield>
  <datafield tag="LKR" ind1=" " ind2=" ">
    <subfield code="a">UP</subfield>
    <subfield code="b">2743202</subfield>
    <subfield code="l">MIU01</subfield>
    <subfield code="r">773</subfield>
    <subfield code="m">Vietnam Veterans of America, Inc., Chapter 9 (Detroit, Mich.) visual materials.</subfield>
    <subfield code="n">Vietnam Veterans of America, Inc., Chapter 9 records,</subfield>
  </datafield>
  <datafield tag="955" ind1=" " ind2=" ">
    <subfield code="b">BENT</subfield>
    <subfield code="p">B6213428</subfield>
  </datafield>
</record>
